<record><leader>00000cas a22000007a 4500</leader><controlfield tag="001">27480460</controlfield><controlfield tag="008">930222d18911919caudn ne      0    0eng d</controlfield><datafield ind1=" " ind2=" " tag="010"><subfield code="a">sn 93053034 </subfield></datafield><datafield ind1=" " ind2=" " tag="040"><subfield code="a">CNK</subfield><subfield code="b">eng</subfield><subfield code="c">CNK</subfield><subfield code="d">OCLCQ</subfield><subfield code="d">OCLCF</subfield><subfield code="d">OCLCO</subfield></datafield><datafield ind1="1" ind2=" " tag="029"><subfield code="a">AU@</subfield><subfield code="b">000020734940</subfield></datafield><datafield ind1=" " ind2=" " tag="042"><subfield code="a">msc</subfield></datafield><datafield ind1=" " ind2=" " tag="043"><subfield code="a">n-us-ca</subfield></datafield><datafield ind1="0" ind2="4" tag="245"><subfield code="a">The Daily Colusa sun.</subfield></datafield><datafield ind1=" " ind2=" " tag="260"><subfield code="a">Colusa, Calif. :</subfield><subfield code="b">W.S. Green</subfield></datafield><datafield ind1=" " ind2=" " tag="300"><subfield code="a">v.</subfield></datafield><datafield ind1=" " ind2=" " tag="310"><subfield code="a">Daily (except Sun.)</subfield></datafield><datafield ind1="0" ind2=" " tag="362"><subfield code="a">Vol. 4, no. 101 (Aug. 27, 1891)-v. 38, no. 307 (Dec. 31, 1912) ; 24th year, no. 1 (Jan. 2, 1913)-30th year, no. 153 (July 1, 1919).</subfield></datafield><datafield ind1=" " ind2="0" tag="651"><subfield code="a">Colusa County (Calif.)</subfield><subfield code="v">Newspapers.</subfield></datafield><datafield ind1=" " ind2="7" tag="655"><subfield code="a">Newspapers.</subfield><subfield code="2">fast</subfield><subfield code="0">(OCoLC)fst01423814</subfield></datafield><datafield ind1=" " ind2="7" tag="651"><subfield code="a">California</subfield><subfield code="z">Colusa County.</subfield><subfield code="2">fast</subfield><subfield code="0">(OCoLC)fst01202971</subfield></datafield><datafield ind1=" " ind2=" " tag="752"><subfield code="a">United States</subfield><subfield code="b">California</subfield><subfield code="c">Colusa</subfield><subfield code="d">Colusa.</subfield></datafield><datafield ind1="0" ind2=" " tag="775"><subfield code="t">Weekly Colusa sun</subfield><subfield code="w">(DLC)sn 84025961</subfield></datafield><datafield ind1="0" ind2=" " tag="775"><subfield code="t">Semi-weekly Colusa sun</subfield><subfield code="w">(DLC)sn 93053032</subfield></datafield><datafield ind1="0" ind2=" " tag="775"><subfield code="t">Tri-weekly Colusa sun</subfield><subfield code="w">(DLC)sn 93053033</subfield></datafield><datafield ind1="0" ind2="0" tag="780"><subfield code="t">Daily sun (Colusa, Calif.)</subfield><subfield code="w">(DLC)sn 97060832</subfield></datafield><datafield ind1="0" ind2="0" tag="785"><subfield code="t">Colusa daily sun</subfield><subfield code="w">(DLC)sn 93053035</subfield></datafield></record>